<?xml version='1.0' encoding='UTF-8'?>
<record xmlns="http://www.loc.gov/MARC21/slim">
  <leader>00643cam a22002055  4500</leader>
  <controlfield tag="001">2787956</controlfield>
  <controlfield tag="003">NjP</controlfield>
  <controlfield tag="005">20100810171048.0</controlfield>
  <controlfield tag="008">991120s1960    sy            000 0 ara d</controlfield>
  <datafield tag="024" ind1="7" ind2=" ">
    <subfield code="a">princeton_aco002491</subfield>
    <subfield code="2">local</subfield>
  </datafield>
  <datafield ind1=" " ind2=" " tag="035">
    <subfield code="a">(OCoLC)ocm42862749</subfield>
  </datafield>
  <datafield ind1=" " ind2=" " tag="035">
    <subfield code="9">CNJ6985TS</subfield>
  </datafield>
  <datafield ind1=" " ind2=" " tag="040">
    <subfield code="a">PUL</subfield>
    <subfield code="c">PUL</subfield>
  </datafield>
  <datafield ind1="1" ind2=" " tag="100">
    <subfield code="a">Ḥashwah, Adwār.</subfield>
  </datafield>
  <datafield ind1="0" ind2="0" tag="245">
    <subfield code="a">Sharḥ qānūn al-ʻamal al-muwaḥḥad.</subfield>
  </datafield>
  <datafield ind1=" " ind2=" " tag="260">
    <subfield code="a">[Damascus]</subfield>
    <subfield code="b">al-Maṭbaʻah al-Jadīdah</subfield>
    <subfield code="c">[1960]</subfield>
  </datafield>
  <datafield ind1=" " ind2=" " tag="300">
    <subfield code="a">375 p.</subfield>
    <subfield code="c">24 cm.</subfield>
  </datafield>
  <datafield ind1=" " ind2=" " tag="546">
    <subfield code="a">In Arabic.</subfield>
  </datafield>
  <datafield ind1=" " ind2="0" tag="650">
    <subfield code="a">Labor laws and legislation</subfield>
    <subfield code="z">United Arab Republic.</subfield>
  </datafield>
  <datafield ind1=" " ind2=" " tag="945">
    <subfield code="a">F</subfield>
    <subfield code="b">1</subfield>
    <subfield code="c">2271.32467.385</subfield>
  </datafield>
  <datafield ind1=" " ind2=" " tag="911">
    <subfield code="a">20000130</subfield>
  </datafield>
  <datafield ind1="0" ind2="0" tag="852">
    <subfield code="0">3098920</subfield>
    <subfield code="b">nec</subfield>
    <subfield code="t">1</subfield>
    <subfield code="h">KRM1264</subfield>
    <subfield code="i">.H374 1960</subfield>
  </datafield>
  <datafield ind1=" " ind2=" " tag="959">
    <subfield code="a">2009-06-30 10:38:41 -0500</subfield>
  </datafield>
</record>
